@Misc{Refmetodologia,
    author    = "Rafael Menéndez, Barzanallana Asensio",
    title     = "Metodologías de desarrollo de software.",
    url       = "http://www.unesco.org/new/es/mexico/work-areas/culture/"
}

@Misc{RefculturaCarac,
    author    = "Puja Mondal",
    title     = "Culture: Characteristics and Classifications of Culture Sociology.",
    url       = "http://www.yourarticlelibrary.com/culture/culture-characteristics-and-classifications-of-culture-sociology/6223"
}

@Misc{RefculturaClasificacion,
    author    = "Enciclopedia de Clasificaciones",
    title     = "Tipos de culturas.",
    url       = "http://www.tiposde.org/ciencias-sociales/78-tipos-de-cultura/"
}

@Misc{RefculturaClasificacionEl,
    author    = "El mundo de Tehuacan",
    title     = "Tipos de cultura y cultura híbrida.",
    url       = "http://www.elmundodetehuacan.com/index.php/opinion/opinion-conten-ini/28997-Tipos-de-cultura-y-cultura-h%C3%ADbrida"
}

@Misc{RefImporCul,
    author    = "S/A",
    title     = "Importancia de la Cultura.",
    url       = "https://www.importancia.org/cultura.php"
}

@Misc{RefImpoCulAr,
    author    = "Armida García",
    title     = "Importancia del arte y la cultura.",
    url       = "http://www.el-nacional.com/noticias/columnista/importancia-del-arte-cultura_79568"
}

@Misc{RefImpoUnidad,
    author    = "Juan Mireles",
    title     = "La importancia de preservar nuestra cultura.",
    url       = "http://www.ruizhealytimes.com/cultura-para-todos/la-importancia-de-preservar-nuestra-cultura"
}

@book{RefFenomeno,
    title= "Games: A popular Culture Phenomenon",
    author= "Arthur Asa Berger",
    isbn= "0765801027",
    year= "2002",
    publisher= "Transaction publisher"
}