@Misc{Ref_metodologia,
    author    = "Rafael Menéndez, Barzanallana Asensio",
    title     = "Metodologías de desarrollo de software.",
    year = "2006",
    url       = "http://www.um.es/docencia/barzana/IAGP/Iagp2.html"
}

@Article{Ref_Metod,
    author =       "Gacitúa Bustos",
    title =        "Métodos de desarrollo de software: El desafío pendiente de la estandarización. Software",
    journal =      "Theoria",
    volume =       "12",
    number =       "1",
    pages =        "23-42",
    year =         "2003",
    URL =          "http://www.redalyc.org/articulo.oa?id=29901203",
}

@book{Ref:CarCascada,
    author    = "Carlos Blé Jurados",
    title     = "Diseño Ágil con TDD.",
    year      = "2010",
    publisher = "SafeCreative",
    address   = "España"
}

@Misc{Ref_DefScrum,
    author    = "Manuel Trigas Gallego",
    title     = "Metodología Scrum.",
    year = "s/f",
    url       = "http://openaccess.uoc.edu/webapps/o2/bitstream/10609/17885/1/mtrigasTFC0612memoria.pdf"
}

@Misc{Ref_ScrumRef,
    author    = "Ken Schwaber, Jeff Sutherland",
    title     = "La Guía Definitiva de Scrum: Las Reglas del Juego",
    url       = "http://www.scrumguides.org/docs/scrumguide/v1/scrum-guide-es.pdf",
    year = "2013"
}

@Misc{Ref_ScrumGuia,
    author    = "Alexander Menzinsky, Gertrudis López, Juan Palacio",
    title     = "Scrum Manager.",
    url       = "http://www.scrummanager.net/files/sm_proyecto.pdf",
    year = "2016"
}

@Misc{Ref_XP,
    author    = " Mario Pérez Esteso",
    title     = "Programación Extrea: Qué es y principios básicos.",
    url       = "https://geekytheory.com/programacion-extrema-que-es-y-principios-basicos",
    year = "s/f"
}

@Misc{Ref_XPPrincipios,
    author    = "Universidad Unión Bolivariana",
    title     = "Programación Extrema.",
    url       = "http://ingenieriadesoftware.mex.tl/52753_xp---extreme-programing.html",
    year = "s/f"
}

@Misc{Ref_Huddle,
    author    = "Gerardo Abraham Morales Urrutia, Claudia Esther Nava López",
    title     = "Proceso de desarrollo para videojuegos.",
    url       = "erevistas.uacj.mx/ojs/index.php/culcyt/article/download/299/283",
    year = "2010"
}