@Article{RefInteractividad,
    author =       "Jonathan Steuer",
    title =        "Defining Virtual Reality: Dimensions Determining Telepresence",
    journal =      "Journal of Communication",
    volume =       "42",
    number =       "4",
    pages =        "73--93",
    year =         "1994",
    DOI =          "10.1111/j.1460-2466.1992.tb00812.x"
}

@Misc{RefEntretenimiento,
    author    = "Fabrizio Lamberti, Andrea Sanna, Paolo Montuschi",
    title     = "Las Tecnologías del Entretenimiento: Pasado, Presente y Futuro.",
    year = "2015",
    url       = "https://www.computer.org/web/computingnow/archive/february2015-spanish"
}

@Book{RefCarac,
author = "José Martí Pereño",
title = "Marketing y videojuegos: Product pacement, in-game, adevertising y advergaming",
publisher = "ESIC",
year = "2010",
}

@Book{RefInmersion,
author = "Sherry Turkle",
title = "La vida en la pantalla: La construcción de la idnetidad en la era de internet.",
publisher = "Paidos Iberica",
year = {1997},
}

@PhdThesis{refInmersionNavarro,
author = "Victor Manuel Navarro",
title = "Libertad dirigida: Análisis formal del videojuego como sistema, su estructura y su avataridad.",
school = "Universitat Rovira i Virgili",
year = "2013"
}

@misc{RefESRB,
    author    = "ESRB",
    title     = "About ESRB",
    url       = "hhttp://www.esrb.org/about/"
}

@misc{RefClasificacion,
    author    = "Mornië Alfaro",
    title     = "La ESRB y por qué es importante para los videojuegos",
    url       = "http://mx.blastingnews.com/ocio-cultura/2016/02/la-esrb-y-por-que-es-importante-para-los-videojuegos-00770243.html"
}

@misc{RefObligacion,
    author    = "Adrian Miguez",
    title     = "PEGI ¿Cómo se clasifican los videojuegos?",
    url       = "https://juegosadn.eleconomista.es/pegi-como-se-clasifican-los-videojuegos-ar-2067/"
}

@misc{RefRegulacionMex,
    author    = "Mateo Flores",
    title     = "Aprueba Senado clasificación de videojuegos en México",
    url       = "http://www.levelup.com/noticias/420095/Aprueba-Senado-clasificacion-de-videojuegos-en-Mexico"
}

@Book{Ref_JuegoDisenio,
author = "Borja Lopez Barinaga",
title = "Juego. Historia, Teoría y Práctica del Diseño Conceptual de Videojuegos.",
publisher = "Alesia",
year = "2010",
}

@misc{Ref_JuegosGanancia,
    author    = "Newzoo",
    title     = "2017 Global Games Market Report",
    url       = "https://newzoo.com/insights/trend-reports/newzoo-global-games-market-report-2017-light-version/"
}

@misc{Ref_IndusMEx,
    author    = "Nación Pix",
    title     = "EGS 2016- La actualidad del marco de videojuegos en México.",
    url       = "https://nacionpix.com/2016/10/04/egs-2016-mercado-de-videojuegos-en-mexico/"
}

@misc{Ref_DefVideo,
    author    = "Grupo Carricay",
    title     = "¿Qué son los videojuegos?",
    url       = "https://medium.com/grupo-carricay/qu%C3%A9-son-los-videojuegos-d640dcb6aa84"
}