
@misc{gameficacion,
	title= "Gamificaci{\'o}n: 7 claves para entender qu{\'e} es y c{\'o}mo funciona",
	author= "S Moll",
	year= "2014",
	url = "http://justificaturespuesta.com/gamificacion-7-claves-para-entender-que-es-y-como-funciona"
} 

@misc{gameDef,
	title= "Gamification: Toward a Definition",
	author= "S Deterding  D  Dixon  R  Khaled  L E  Nacke",
	year= "2011",
	url = "http://gamification-research.org/wp-content/uploads/2011/04/02-Deterding-Khaled-Nacke-Dixon.pdf"
} 


@misc{vid01,
	title= "La industria del videojuego generará casi 109.000 millones de dólares en 2017",
	author= "P  Antolinos",
	year= "2017",
	url = "http://www.periodistadigital.com/tecnologia/gadgets/2017/08/28/la-industria-del-videojuego-generara-casi-109-000-millones-de-dolares-en-2017.shtml",
	journal = "Forbes"
} 

@misc{vid02,
	title= "Guía de clasificaciones de la ESRB",
	author= "Entertainment Software Association",
	year= "2017",
	url = "http://www.esrb.org/ratings/ratings\_guide\_sp.aspx"
} 

@misc{vid03,
	title= "Videojuegos en México: un mercado de más de 22,000 mdp",
	author= "E  Zuñiga",
	year= "2017",
	url = "https://www.forbes.com.mx/videojuegos-mexico-mercado-mas-22000-mdp/",
	journal = "Forbes"
} 

@misc{vid04,
	title= "Sobre el desarrollo de videojuegos en México",
	author= "A  Ling",
	year= "2017",
	url = "https://www.unocero.com/videojuegos/sobre-el-desarrollo-de-videojuegos-en-mexico/"
} 

@misc{vid05,
	title= "La industria del videojuego en México",
	author= "R S  Contreras",
	year= "2017",
	url = "http://invdes.com.mx/los-investigadores/la-industria-del-videojuego-mexico/"
} 

@misc{vid06,
	title= "Los videojuegos pueden transformar el aula",
	author= "C  Bourne, V  Salgado",
	year= "2016",
	url = "http://www.aikaeducacion.com/tendencias/los-videojuegos-transforman-aula/"
} 

@misc{vid07,
	title= "Games and gamification",
	author= "M  Herger  A  Keeler  R  Nemire  A W  Schwarz  M  Turchinsky  B  Yuhnke", 
	year= "2014",
	url = "https://www.nmc.org/event-archive/nmc-on-the-horizon-games-and-gamification/"
} 

@misc{vid08,
	title= "¿Cuál es la misión de los centros de cultura digital?",
	year= "2017",
	url = "http://www.eluniversal.com.mx/articulo/cultura/2017/08/11/cual-es-la-mision-de-los-centros-de-cultura-digital",
	journal = "El Universal"
} 

@misc{vid09,
	title= "Cultura digital y prácticas creativas en la educación",
	author= "J Freire",
	year= "2009",
	url = " http://openaccess.uoc.edu/webapps/o2/bitstream/10609/3231/1/freire.pdf",
	journal = "Universidad y sociedad del conocimiento",
	volume   = "6",
	number   = "1"
} 

@misc{defVid,
	title= "Procesos de desarrollo para videojuegos",
	author= "G A  Morales C E  Nava L F  Fernández M A  Rey",
	year= "2010",
	url = "erevistas.uacj.mx/ojs/index.php/culcyt/article/download/299/283",
	school = " Instituto de Ingeniería y tecnología, UACJ",
	address = "Juárez, CH, Mex."
} 

@misc{vid10,
	title= "MDA: A formal approach to game design and game research",
	author= "R  Hunicke M  LeBlanc R  Zubek",
	year= "2004",
	url = "http://www.cs.northwestern.edu/~hunicke/MDA.pdf",
	eventtitle = "Game developers conference",
	address = "San Jose"
} 

@misc{vid11,
	title= "El medio de los videojuegos",
	author= "M J P  Wolf",
	year= "2001",
	edition = "1",
	address = "Texas, USA"
} 

@misc{vid12,
	title= "Analisis de las artes digitales en la creación de personajes y jugabilidad interactiva",
	author= "L A  Chong",
	year= "2015",
	url = "https://www.emaze.com/@AFRICWZL/Tesis-Artes-Digitales"
} 

@misc{pp01,
	title= "En 2016, 40\% de mexicanos no fue a ninguna actividad cultural",
	author= "J  Alejo",
	year= "2016",
	url = "http://www.milenio.com/cultura/mexicanos-actividad\_cultural-arte-cultura-museos-modecult-interes-milenio\_0\_875312472.html",
	journal = "Milenio"
}


@misc{pp02,
	title= "Módulo sobre Eventos Culturales seleccionados MODECULT",
	author= "INEGI",
	year= "2017",
	url = "http://internet.contenidos.inegi.org.mx/contenidos/productos/prod\_serv/contenidos/espanol/bvinegi/productos/nueva\_estruc/promo/resultados\_modecult\_may2017.pdf."
}

@misc{pp03,
	title= "Celebrando lo desconocido en fiestas patrias",
	year= "2009",
	url = "http://www.parametria.com.mx/carta\_parametrica.php?cp=4170.",
	journal = "Parametría"
}

@misc{pp04,
title= "Peligros de la Percepción Impacto global de la ayuda al desarrollo",
author= "Ipsos",
year= "2017",
url = "https://www.ipsos.com/sites/default/files/ct/news/documents/2017-09/Gates\_Perils\_of\_Perception\_Report-September\_2017.pdf"
}


@misc{pp05,
	title= "Día Mundial de la Diversidad Cultural: México, país multicultural",
	author= "S  Paz",
	year= "2015",
	url = "http://www.conacytprensa.mx/index.php/ciencia/humanidades/1583-dia-mundial-de-la-diversidad-cultural-mexico-pais-multicultura"
}

@misc{pp06,
	title= "La importancia de la Cultura",
	year= "2006",
	url = "https://lahora.com.ec/noticia/408088/la-importancia-de-la-cultura-",
	journal = "La Hora"
}

@misc{pp07,
	title= "Historia verdadera del México Profundo",
	author= "G  Marín",
	year= "2010",
	edition = "1",
	address = "México"
}
